@article{freedman2007statistics,
	title={Statistics (international student edition)},
	author={Freedman, David and Pisani, Robert and Purves, Roger},
	journal={Pisani, R. Purves, 4th edn. WW Norton \& Company, New York},
	year={2007}
}